<?xml version="1.0" encoding="UTF-8"?><collection xmlns="http://www.loc.gov/MARC21/slim"><record><leader>00447nam--2200169-i-4500</leader><controlfield tag="001">000004995</controlfield><controlfield tag="002">20161230</controlfield><controlfield tag="005">20161230201026</controlfield><controlfield tag="008">060222s1000------------r-----000-0-rum-d</controlfield><datafield ind1=" " ind2=" " tag="040"><subfield code="a">IFIN-HH</subfield></datafield><datafield ind1=" " ind2=" " tag="041"><subfield code="a">rum</subfield></datafield><datafield ind1="1" ind2=" " tag="100"><subfield code="a">Grigorovici, Radu</subfield></datafield><datafield ind1="1" ind2="0" tag="245"><subfield code="a">Curs de optica genrala</subfield><subfield code="b">Partea II-a. Fotometrie. Optica ondulatorie</subfield><subfield code="c">Radu Grigorovici</subfield></datafield><datafield ind1=" " ind2=" " tag="260"><subfield code="a">Bucuresti</subfield><subfield code="c">1960</subfield></datafield><datafield ind1=" " ind2=" " tag="300"><subfield code="a">252 p</subfield></datafield><datafield ind1=" " ind2=" " tag="852"><subfield code="a">6901</subfield><subfield code="c">535</subfield></datafield><datafield ind1=" " ind2=" " tag="CAT"><subfield code="a">Sys</subfield><subfield code="c">20101015</subfield><subfield code="h">132955</subfield></datafield></record></collection>